<?xml version="1.0" encoding="UTF-8"?><collection xmlns="http://www.loc.gov/MARC21/slim"><record><leader>00654nam--2200205-u-4500</leader><controlfield tag="001">000055358</controlfield><controlfield tag="002">20161230</controlfield><controlfield tag="005">20161230201052</controlfield><controlfield tag="008">130122s1000------------r-----000-0-rus-d</controlfield><datafield ind1=" " ind2=" " tag="040"><subfield code="a">IFIN-HH</subfield></datafield><datafield ind1=" " ind2=" " tag="041"><subfield code="a">rus</subfield></datafield><datafield ind1=" " ind2=" " tag="080"><subfield code="a">539.37/38</subfield></datafield><datafield ind1="1" ind2=" " tag="100"><subfield code="a">Meyers, Marc A</subfield></datafield><datafield ind1="1" ind2="0" tag="245"><subfield code="a">Udarnie volni i iavlenia visokoskorostnoi deformatii metallov</subfield><subfield code="c">Marc a. meyers, lawrwnce e. murr</subfield></datafield><datafield ind1=" " ind2=" " tag="260"><subfield code="a">Moskva</subfield><subfield code="b">Metallurgia</subfield><subfield code="c">1984</subfield></datafield><datafield ind1=" " ind2=" " tag="300"><subfield code="a">511P</subfield></datafield><datafield ind1=" " ind2=" " tag="500"><subfield code="a">Titlul Original In Limba Engleza: Shock Waves And High-strain-rate Phenomena In Metals Concepts And Applications</subfield></datafield><datafield ind1="1" ind2=" " tag="700"><subfield code="a">Murr, Lawrence E</subfield></datafield><datafield ind1=" " ind2=" " tag="852"><subfield code="a">72958</subfield><subfield code="c">539.3</subfield></datafield><datafield ind1=" " ind2=" " tag="CAT"><subfield code="a">Sys</subfield><subfield code="c">20130122</subfield><subfield code="h">133034</subfield></datafield></record></collection>